% This file was created with JabRef 2.10b2.
% Encoding: Cp1252


@Article{Nah2014,
  Title                    = {RayCore: A ray-tracing hardware architecture for mobile devices},
  Author                   = {Nah, J. and KWON, H. and Kim, D. and Jeong, C. and Park, J. and HAN, T. and Manocha, D. and Park, W.},
  Journal                  = {ACM Transactions on Graphics, Vol. 33},
  Year                     = {2014},

  Owner                    = {josue},
  Timestamp                = {2015.09.06}
}

@Article{Schmittler2004,
  Title                    = {Realtime ray tracing of dynamic scenes on an FPGA chip},
  Author                   = {Schmittler, J. and Woop, S. and Wagner, D. and Paul, W. and Slusallek, P.},
  Journal                  = {Proceedings of the ACM SIGGRAPH/EUROGRAPHICS conference on Graphics hardware},
  Year                     = {2004},

  Owner                    = {josue},
  Timestamp                = {2015.09.06}
}

